@article{whit76-bivariate,
  author = {Whitt, Ward},
  title = {Bivariate distributions with given marginals},
  journal = {Annals of Statistics},
  year = {1976},
  volume = {4},
  pages = {1280--1289}
}

@book{hard52-inequalities,
  author = {Hardy, G. H. and Littlewood, J. E. and PÃ³lya, G.},
  title = {Inequalities},
  publisher = {Cambridge University Press},
  year = {1952},
  edition = {2nd}
}

@article{labovitz67,
  author = {Labovitz, Sanford},
  title = {Some observations on measurement and statistics},
  journal = {Social Forces},
  year = {1967},
  volume = {46},
  number = {2},
  pages = {151--160}
}

@article{labovitz70,
  author = {Labovitz, Sanford},
  title = {The assignment of numbers to rank order categories},
  journal = {American Sociological Review},
  year = {1970},
  volume = {35},
  number = {3},
  pages = {515--524}
}

@article{obrien79,
  author = {O'Brien, Robert M.},
  title = {The use of Pearson's r with ordinal data},
  journal = {American Sociological Review},
  year = {1979},
  volume = {44},
  number = {5},
  pages = {851--857}
}
