@article{whit76-bivariate,
  author = {Whitt, Ward},
  title = {Bivariate distributions with given marginals},
  journal = {Annals of Statistics},
  year = {1976},
  volume = {4},
  pages = {1280--1289}
}